
<record>
  <controlfield tag="001">792583</controlfield>
  <datafield tag="024" ind1="7" ind2=" ">
    <subfield code="2">DOI</subfield>
    <subfield code="a">10.1103/PhysRevD.78.091103</subfield>
  </datafield>
  <datafield tag="035" ind1=" " ind2=" ">
    <subfield code="a">oai:arXiv.org:0808.0933</subfield>
    <subfield code="z">oai:arXiv.org:0808.0933</subfield>
    <subfield code="9">arXiv</subfield>
  </datafield>
  <datafield tag="035" ind1=" " ind2=" ">
    <subfield code="z">D08-08626</subfield>
    <subfield code="9">DESY</subfield>
  </datafield>
  <datafield tag="035" ind1=" " ind2=" ">
    <subfield code="a">Asner:2008aa</subfield>
    <subfield code="9">SPIRESTeX</subfield>
  </datafield>
  <datafield tag="710" ind1=" " ind2=" ">
    <subfield code="g">CLEO</subfield>
  </datafield>
  <datafield tag="037" ind1=" " ind2=" ">
    <subfield code="a">arXiv:0808.0933</subfield>
    <subfield code="9">arXiv</subfield>
    <subfield code="c">hep-ex</subfield>
  </datafield>
  <datafield tag="037" ind1=" " ind2=" ">
    <subfield code="a">CLNS-08-2037</subfield>
  </datafield>
  <datafield tag="037" ind1=" " ind2=" ">
    <subfield code="a">CLEO-09-20</subfield>
  </datafield>
  <datafield tag="245" ind1=" " ind2=" ">
    <subfield code="a">Observation of chi(b)(1P(J),2P(J)) decays to light hadrons</subfield>
  </datafield>
</record>